%%%%%%%%%%%%%%%%%%%%%%%%%%%%%%%%%%%%%%%%%%%%%%%%%%%%%%%%%%%%%%%%%%%%%%%%%%%%%%%%%%%%%%%%%%%% joint cvpr 17
@incollection{rumelhart1986learning,
  title={Learning internal representations by error-propagation},
  author={Rumelhart, David E and Hinton, Geoffrey E and Williams, Ronald J},
  booktitle={Parallel Distributed Processing: Explorations in the Microstructure of Cognition.},
  volume={1},
  number={6088},
  pages={318--362},
  year={1986},
  publisher={MIT Press, Cambridge, MA}
}

@article{lecun1989backpropagation,
  title={Backpropagation applied to handwritten zip code recognition},
  author={LeCun, Yann and Boser, Bernhard and Denker, John S and Henderson, Donnie and Howard, Richard E and Hubbard, Wayne and Jackel, Lawrence D},
  journal={Neural computation},
  volume={1},
  number={4},
  pages={541--551},
  year={1989},
  publisher={MIT Press}
}

@inproceedings{zeiler2013visualizing,
  title={Visualizing and understanding convolutional neural networks},
  author={Zeiler, Matthew D and Fergus, Rob},
  booktitle={ECCV},
  year={2014}
}

@inproceedings{natarajan2013learning,
  title={Learning with noisy labels},
  author={Natarajan, Nagarajan and Dhillon, Inderjit S and Ravikumar, Pradeep K and Tewari, Ambuj},
  booktitle={NIPS},
  year={2013}
}

@article{bartlett2006convexity,
  title={Convexity, classification, and risk bounds},
  author={Bartlett, Peter L and Jordan, Michael I and McAuliffe, Jon D},
  journal={Journal of the American Statistical Association},
  year={2006}
}

@inproceedings{teng2001comparison,
  title={A Comparison of Noise Handling Techniques},
  author={Teng, Choh-Man},
  booktitle={FLAIRS},
  year={2001}
}

@article{sukhbaatar2014learning,
  title={Learning from Noisy Labels with Deep Neural Networks},
  author={Sukhbaatar, Sainbayar and Fergus, Rob},
  journal={arXiv preprint arXiv:1406.2080},
  year={2014}
}

@inproceedings{mnih2012learning,
  title={Learning to label aerial images from noisy data},
  author={Mnih, Volodymyr and Hinton, Geoffrey E},
  booktitle={ICML},
  year={2012}
}

@techreport{zhu2002learning,
  title={Learning from labeled and unlabeled data with label propagation},
  author={Zhu, Xiaojin and Ghahramani, Zoubin},
  institution={Technical Report CMU-CALD-02-107, Carnegie Mellon University},
  year={2002}
}

@inproceedings{guillaumin2010multimodal,
  title={Multimodal semi-supervised learning for image classification},
  author={Guillaumin, Matthieu and Verbeek, Jakob and Schmid, Cordelia},
  booktitle={CVPR},
  year={2010}
}

@incollection{weston2012deep,
  title={Deep learning via semi-supervised embedding},
  author={Weston, Jason and Ratle, Fr{\'e}d{\'e}ric and Mobahi, Hossein and Collobert, Ronan},
  booktitle={Neural Networks: Tricks of the Trade},
  year={2012}
}

@inproceedings{lee2013pseudo,
  title={Pseudo-label: The simple and efficient semi-supervised learning method for deep neural networks},
  author={Lee, Dong-Hyun},
  booktitle={ICML Workshop},
  year={2013}
}

@inproceedings{tang2013learning,
  title={Learning stochastic feedforward neural networks},
  author={Tang, Yichuan and Salakhutdinov, Ruslan},
  booktitle={NIPS},
  year={2013}
}

@inproceedings{vahdat2013handling,
  title={Handling uncertain tags in visual recognition},
  author={Vahdat, Arash and Mori, Greg},
  booktitle={ICCV},
  year={2013}
}

@inproceedings{zhang2014panda,
  title={Panda: Pose aligned networks for deep attribute modeling},
  author={Zhang, Ning and Paluri, Manohar and Ranzato, Marc'Aurelio and Darrell, Trevor and Bourdev, Lubomir},
  booktitle={CVPR},
  year={2014}
}

@article{farabet2013learning,
  title={Learning hierarchical features for scene labeling},
  author={Farabet, Cl{\'e}ment and Couprie, Camille and Najman, Laurent and LeCun, Yann},
  journal={TPAMI},
  year={2013}
}

@incollection{gong2014multi,
  title={Multi-scale orderless pooling of deep convolutional activation features},
  author={Gong, Yunchao and Wang, Liwei and Guo, Ruiqi and Lazebnik, Svetlana},
  booktitle={ECCV},
  year={2014}
}

@article{gong2014multiview,
  title={A multi-view embedding space for modeling internet images, tags, and their semantics},
  author={Gong, Yunchao and Ke, Qifa and Isard, Michael and Lazebnik, Svetlana},
  journal={IJCV},
  year={2014}
}

@inproceedings{beigman2009learning,
  title={Learning with annotation noise},
  author={Beigman, Eyal and Klebanov, Beata Beigman},
  booktitle={ACL-IJCNLP},
  year={2009}
}

@article{manwani2013noise,
  title={Noise tolerance under risk minimization},
  author={Manwani, Naresh and Sastry, PS},
  journal={IEEE Transactions on Cybernetics},
  year={2013}
}

@article{zhu2004class,
  title={Class noise vs. attribute noise: A quantitative study},
  author={Zhu, Xingquan and Wu, Xindong},
  journal={Artificial Intelligence Review},
  year={2004}
}

@article{nettleton2010study,
  title={A study of the effect of different types of noise on the precision of supervised learning techniques},
  author={Nettleton, David F and Orriols-Puig, Albert and Fornells, Albert},
  journal={Artificial intelligence review},
  year={2010}
}

@inproceedings{pechenizkiy2006class,
  title={Class noise and supervised learning in medical domains: The effect of feature extraction},
  author={Pechenizkiy, Mykola and Tsymbal, Alexey and Puuronen, Seppo and Pechenizkiy, Oleksandr},
  booktitle={CBMS},
  year={2006}
}

@incollection{barandela2000decontamination,
  title={Decontamination of training samples for supervised pattern recognition methods},
  author={Barandela, Ricardo and Gasca, Eduardo},
  booktitle={ICAPR},
  year={2000}
}

@article{brodley1999identifying,
  title={Identifying mislabeled training data},
  author={Brodley, Carla E and Friedl, Mark A},
  journal={JAIR},
  year={1999}
}

@incollection{miranda2009use,
  title={Use of classification algorithms in noise detection and elimination},
  author={Miranda, Andr{\'e} LB and Garcia, Lu{\'\i}s Paulo F and Carvalho, Andr{\'e} CPLF and Lorena, Ana C},
  booktitle={HAIS},
  year={2009}
}

@inproceedings{matic1992computer,
  title={Computer aided cleaning of large databases for character recognition},
  author={Matic, N and Guyon, I and Bottou, L and Denker, J and Vapnik, V},
  booktitle={IAPR},
  year={1992}
}

@article{frenay2014classification,
  title={Classification in the presence of label noise: a survey},
  author={Fr{\'e}nay, Beno{\^\i}t and Verleysen, Michel},
  journal={TNNLS},
  year={2014}
}

@inproceedings{larsen1998design,
  title={Design of robust neural network classifiers},
  author={Larsen, Jan and Nonboe, L and Hintz-Madsen, Mads and Hansen, Lars Kai},
  booktitle={ICASSP},
  year={1998}
}

@inproceedings{li2014deepreid,
  title={Deepreid: Deep filter pairing neural network for person re-identification},
  author={Li, Wei and Zhao, Rui and Xiao, Tong and Wang, Xiaogang},
  booktitle={CVPR},
  year={2014}
}

@article{hinton2012improving,
  title={Improving neural networks by preventing co-adaptation of feature detectors},
  author={Hinton, Geoffrey E and Srivastava, Nitish and Krizhevsky, Alex and Sutskever, Ilya and Salakhutdinov, Ruslan R},
  journal={NIPS},
  year={2012}
}

@inproceedings{zhao2013person,
  title={Person re-identification by salience matching},
  author={Zhao, Rui and Ouyang, Wanli and Wang, Xiaogang},
  booktitle={ICCV},
  year={2013}
}

@inproceedings{zhao2014learning,
  title={Learning mid-level filters for person re-identification},
  author={Zhao, Rui and Ouyang, Wanli and Wang, Xiaogang},
  booktitle={CVPR},
  year={2014}
}

@inproceedings{farenzena2010person,
  title={Person re-identification by symmetry-driven accumulation of local features},
  author={Farenzena, Michela and Bazzani, Loris and Perina, Alessandro and Murino, Vittorio and Cristani, Marco},
  booktitle={CVPR},
  year={2010}
}

@inproceedings{ba2013adaptive,
  title={Adaptive dropout for training deep neural networks},
  author={Ba, Jimmy and Frey, Brendan},
  booktitle={NIPS},
  year={2013}
}

@article{duan2012domain,
  title={Domain adaptation from multiple sources: A domain-dependent regularization approach},
  author={Duan, Lixin and Xu, Dong and Tsang, Ivor W},
  journal={TNNLS},
  year={2012}
}

@inproceedings{baltieri20113dpes,
  title={3dpes: 3d people dataset for surveillance and forensics},
  author={Baltieri, Davide and Vezzani, Roberto and Cucchiara, Rita},
  booktitle={ACM workshop on Human gesture and behavior understanding},
  year={2011}
}

@inproceedings{xiong2014person,
  title={Person re-identification using kernel-based metric learning methods},
  author={Xiong, Fei and Gou, Mengran and Camps, Octavia and Sznaier, Mario},
  booktitle={ECCV},
  year={2014}
}

@inproceedings{simonyan2013deep,
  title={Deep inside convolutional networks: Visualising image classification models and saliency maps},
  author={Simonyan, Karen and Vedaldi, Andrea and Zisserman, Andrew},
  booktitle={ICLR},
  year={2014}
}

@inproceedings{szegedy2014going,
  title={Going deeper with convolutions},
  author={Szegedy, Christian and Liu, Wei and Jia, Yangqing and Sermanet, Pierre and Reed, Scott and Anguelov, Dragomir and Erhan, Dumitru and Vanhoucke, Vincent and Rabinovich, Andrew},
  booktitle={CVPR},
  year={2015}
}

@inproceedings{schroff2015facenet,
  title={Facenet: A unified embedding for face recognition and clustering},
  author={Schroff, Florian and Kalenichenko, Dmitry and Philbin, James},
  booktitle={CVPR},
  year={2015}
}

@inproceedings{wang2015visual,
  title={Visual Tracking with Fully Convolutional Networks},
  author={Wang, Lijun and Ouyang, Wanli and Wang, Xiaogang and Lu, Huchuan},
  booktitle={ICCV},
  year={2015}
}

@inproceedings{gray2007evaluating,
  title={Evaluating appearance models for recognition, reacquisition, and tracking},
  author={Gray, Douglas and Brennan, Shane and Tao, Hai},
  booktitle={PETS},
  year={2007}
}

@article{ioffe2015batch,
  title={Batch normalization: Accelerating deep network training by reducing internal covariate shift},
  author={Ioffe, Sergey and Szegedy, Christian},
  journal={ICML},
  year={2015}
}

@inproceedings{joshi2012multi,
  title={Multi-domain learning: when do domains matter?},
  author={Joshi, Mahesh and Cohen, William W and Dredze, Mark and Ros{\'e}, Carolyn P},
  booktitle={EMNLP},
  year={2012}
}

@inproceedings{dredze2008online,
  title={Online methods for multi-domain learning and adaptation},
  author={Dredze, Mark and Crammer, Koby},
  booktitle={EMNLP},
  year={2008}
}

@article{ajakan2014domain,
  title={Domain-Adversarial Neural Networks},
  author={Ajakan, Hana and Germain, Pascal and Larochelle, Hugo and Laviolette, Fran{\c{c}}ois and Marchand, Mario},
  journal={arXiv preprint arXiv:1412.4446},
  year={2014}
}

@inproceedings{long2015learning,
  title={Learning transferable features with deep adaptation networks},
  author={Long, Mingsheng and Cao, Yue and Wang, Jianmin and Jordan, Michael},
  booktitle={ICML},
  year={2015}
}

@inproceedings{torralba2011unbiased,
  title={Unbiased look at dataset bias},
  author={Torralba, Antonio and Efros, Alexei A},
  booktitle={CVPR},
  year={2011}
}

@article{borgwardt2006integrating,
  title={Integrating structured biological data by kernel maximum mean discrepancy},
  author={Borgwardt, Karsten M and Gretton, Arthur and Rasch, Malte J and Kriegel, Hans-Peter and Sch{\"o}lkopf, Bernhard and Smola, Alex J},
  journal={Bioinformatics},
  year={2006}
}

@article{tzeng2014deep,
  title={Deep Domain Confusion: Maximizing for Domain Invariance},
  author={Tzeng, Eric and Hoffman, Judy and Zhang, Ning and Saenko, Kate and Darrell, Trevor},
  journal={arXiv preprint arXiv:1412.3474},
  year={2014}
}

@inproceedings{gong2013connecting,
  title={Connecting the dots with landmarks: Discriminatively learning domain-invariant features for unsupervised domain adaptation},
  author={Gong, Boqing and Grauman, Kristen and Sha, Fei},
  booktitle={ICML},
  year={2013}
}

@incollection{ghifary2014domain,
  title={Domain adaptive neural networks for object recognition},
  author={Ghifary, Muhammad and Kleijn, W Bastiaan and Zhang, Mengjie},
  booktitle={PRICAI},
  year={2014},
}

@inproceedings{wang2014flexible,
  title={Flexible Transfer Learning under Support and Model Shift},
  author={Wang, Xuezhi and Schneider, Jeff},
  booktitle={NIPS},
  year={2014}
}

@article{everingham2010pascal,
  title={The pascal visual object classes (voc) challenge},
  author={Everingham, Mark and Van Gool, Luc and Williams, Christopher KI and Winn, John and Zisserman, Andrew},
  journal={IJCV},
  year={2010}
}

@article{ILSVRC15,
Author = {Olga Russakovsky and Jia Deng and Hao Su and Jonathan Krause and Sanjeev Satheesh and Sean Ma and Zhiheng Huang and Andrej Karpathy and Aditya Khosla and Michael Bernstein and Alexander C. Berg and Li Fei-Fei},
Title = {{ImageNet Large Scale Visual Recognition Challenge}},
Year = {2015},
journal = {IJCV},
}

@article{dredze2010multi,
  title={Multi-domain learning by confidence-weighted parameter combination},
  author={Dredze, Mark and Kulesza, Alex and Crammer, Koby},
  journal={Machine Learning},
  year={2010}
}

@article{zhang2012convex,
  title={A convex formulation for learning task relationships in multi-task learning},
  author={Zhang, Yu and Yeung, Dit-Yan},
  journal={arXiv preprint arXiv:1203.3536},
  year={2012}
}

@article{daume2009frustratingly,
  title={Frustratingly easy domain adaptation},
  author={Daum{\'e} III, Hal},
  journal={arXiv preprint arXiv:0907.1815},
  year={2009}
}

@article{hoffman2013efficient,
  title={Efficient learning of domain-invariant image representations},
  author={Hoffman, Judy and Rodner, Erik and Donahue, Jeff and Darrell, Trevor and Saenko, Kate},
  journal={arXiv preprint arXiv:1301.3224},
  year={2013}
}

@inproceedings{chopra2013dlid,
  title={Dlid: Deep learning for domain adaptation by interpolating between domains},
  author={Chopra, Sumit and Balakrishnan, Suhrid and Gopalan, Raghuraman},
  booktitle={ICML Workshop},
  year={2013}
}

@inproceedings{ngiam2011multimodal,
  title={Multimodal deep learning},
  author={Ngiam, Jiquan and Khosla, Aditya and Kim, Mingyu and Nam, Juhan and Lee, Honglak and Ng, Andrew Y},
  booktitle={ICML},
  year={2011}
}

@inproceedings{aytar2011tabula,
  title={Tabula rasa: Model transfer for object category detection},
  author={Aytar, Yusuf and Zisserman, Andrew},
  booktitle={ICCV},
  year={2011}
}

@inproceedings{hoffman2014lsda,
  title={LSDA: Large scale detection through adaptation},
  author={Hoffman, Judy and Guadarrama, Sergio and Tzeng, Eric S and Hu, Ronghang and Donahue, Jeff and Girshick, Ross and Darrell, Trevor and Saenko, Kate},
  booktitle={NIPS},
  year={2014}
}

@inproceedings{li2013locally,
  title={Locally aligned feature transforms across views},
  author={Li, Wei and Wang, Xiaogang},
  booktitle={CVPR},
  year={2013}
}

@article{liao2014open,
  title={Open-set Person Re-identification},
  author={Liao, Shengcai and Mo, Zhipeng and Hu, Yang and Li, Stan Z},
  journal={arXiv preprint arXiv:1408.0872},
  year={2014}
}

@article{ding2015deep,
  title={Deep feature learning with relative distance comparison for person re-identification},
  author={Ding, Shengyong and Lin, Liang and Wang, Guangrun and Chao, Hongyang},
  journal={Pattern Recognition},
  year={2015}
}

@inproceedings{xu2014person,
  title={Person Search in a Scene by Jointly Modeling People Commonness and Person Uniqueness},
  author={Xu, Yuanlu and Ma, Bingpeng and Huang, Rui and Lin, Liang},
  booktitle={ACM Multimedia},
  year={2014}
}


@inproceedings{kawanishi2014shinpuhkan2014,
  title={Shinpuhkan2014: A multi-camera pedestrian dataset for tracking people across multiple cameras},
  author={Kawanishi, Yasutomo and Wu, Yang and Mukunoki, Masayuki and Minoh, Michihiko},
  booktitle={20th Korea-Japan Joint Workshop on Frontiers of Computer Vision},
  year={2014}
}

@article{moon2001computational,
  title={Computational and performance aspects of PCA-based face-recognition algorithms},
  author={Moon, Hyeonjoon and Phillips, P Jonathon},
  journal={Perception-London},
  year={2001}
}

@inproceedings{krizhevsky2012imagenet,
  title={Imagenet classification with deep convolutional neural networks},
  author={Krizhevsky, Alex and Sutskever, Ilya and Hinton, Geoffrey E},
  booktitle={NIPS},
  year={2012}
}

@inproceedings{long2015fully,
  title={Fully convolutional networks for semantic segmentation},
  author={Long, Jonathan and Shelhamer, Evan and Darrell, Trevor},
  booktitle={CVPR},
  year={2015}
}

@inproceedings{azizpour2015generic,
  title={From generic to specific deep representations for visual recognition},
  author={Azizpour, Hossein and Sharif Razavian, Ali and Sullivan, Josephine and Maki, Atsuto and Carlsson, Stefan},
  booktitle={CVPR Workshops},
  year={2015}
}

@inproceedings{donahue2014decaf,
  title={DeCAF: A Deep Convolutional Activation Feature for Generic Visual Recognition.},
  author={Donahue, Jeff and Jia, Yangqing and Vinyals, Oriol and Hoffman, Judy and Zhang, Ning and Tzeng, Eric and Darrell, Trevor},
  booktitle={ICML},
  year={2014}
}

@inproceedings{oquab2014learning,
  title={Learning and transferring mid-level image representations using convolutional neural networks},
  author={Oquab, Maxime and Bottou, Leon and Laptev, Ivan and Sivic, Josef},
  booktitle={CVPR},
  year={2014}
}

@inproceedings{deng2009imagenet,
  title={Imagenet: A large-scale hierarchical image database},
  author={Deng, Jia and Dong, Wei and Socher, Richard and Li, Li-Jia and Li, Kai and Fei-Fei, Li},
  booktitle={CVPR},
  year={2009}
}

@article{zheng2017unlabeled,
  title={Unlabeled Samples Generated by GAN Improve the Person Re-identification Baseline in vitro},
  author={Zheng, Zhedong and Zheng, Liang and Yang, Yi},
  journal={arXiv preprint arXiv:1701.07717},
  year={2017}
}

@inproceedings{ristani2016MTMC,
  title={Performance Measures and a Data Set for Multi-Target, Multi-Camera Tracking},
  author={Ristani, Ergys and Solera, Francesco and Zou, Roger and Cucchiara, Rita and Tomasi, Carlo},
  booktitle={ECCV Workshop},
  year={2016}
}

@inproceedings{chu2016structured,
  title={Structured Feature Learning for Pose Estimation},
  author={Chu, Xiao and Ouyang, Wanli and Li, Hongsheng and Wang, Xiaogang},
  booktitle={CVPR},
  year={2016}
}

@inproceedings{zheng2017person,
  title={Person Re-identification in the Wild},
  author={Zheng, Liang and Zhang, Hengheng and Sun, Shaoyan and Chandraker, Manmohan and Yang, Yi and Tian, Qi},
  booktitle={CVPR},
  year={2017}
}

@inproceedings{gheissari2006person,
  title={Person reidentification using spatiotemporal appearance},
  author={Gheissari, Niloofar and Sebastian, Thomas B and Hartley, Richard},
  booktitle={CVPR},
  year={2006}
}

@inproceedings{yu2013harry,
  title={Harry Potter's Marauder's map: Localizing and tracking multiple persons-of-interest by nonnegative discretization},
  author={Yu, Shoou-I and Yang, Yi and Hauptmann, Alexander},
  booktitle={CVPR},
  year={2013}
}

@inproceedings{loy2009multi,
  title={Multi-camera activity correlation analysis},
  author={Loy, Chen Change and Xiang, Tao and Gong, Shaogang},
  booktitle={CVPR},
  year={2009},
}

@article{wang2013intelligent,
  title={Intelligent multi-camera video surveillance: A review},
  author={Wang, Xiaogang},
  journal={Pattern recognition letters},
  year={2013},
}

@inproceedings{zheng2015scalable,
  title={Scalable Person Re-identification: A Benchmark},
  author={Zheng, Liang and Shen, Liyue and Tian, Lu and Wang, Shengjin and Wang, Jingdong and Tian, Qi},
  booktitle={ICCV},
  year={2015}
}

@inproceedings{xiao2016learning,
  title={Learning Deep Feature Representations with Domain Guided Dropout for Person Re-identification},
  author={Xiao, Tong and Li, Hongsheng and Ouyang, Wanli and Wang, Xiaogang},
  booktitle={CVPR},
  year={2016}
}

@inproceedings{paisitkriangkrai2015learning,
  title={Learning to rank in person re-identification with metric ensembles},
  author={Paisitkriangkrai, Sakrapee and Shen, Chunhua and van den Hengel, Anton},
  booktitle={CVPR},
  year={2015}
}

@InProceedings{Shi_2015_CVPR,
  author = {Shi, Zhiyuan and Hospedales, Timothy M. and Xiang, Tao},
  title = {Transferring a Semantic Representation for Person Re-Identification and Search},
  booktitle = {CVPR},
  year = {2015}
}

@article{felzenszwalb2010object,
  title={Object detection with discriminatively trained part-based models},
  author={Felzenszwalb, Pedro F and Girshick, Ross B and McAllester, David and Ramanan, Deva},
  journal={TPAMI},
  year={2010},
}

@inproceedings{zheng2009associating,
  title={Associating Groups of People},
  author={Zheng, Wei-Shi and Gong, Shaogang and Xiang, Tao},
  booktitle={BMVC},
  year={2009}
}

@incollection{das2014consistent,
  title={Consistent re-identification in a camera network},
  author={Das, Abir and Chakraborty, Anirban and Roy-Chowdhury, Amit K},
  booktitle={ECCV},
  year={2014},
}

@inproceedings{li2012human,
  title={Human Reidentification with Transferred Metric Learning.},
  author={Li, Wei and Zhao, Rui and Wang, Xiaogang},
  booktitle={ACCV},
  year={2012}
}

@inproceedings{zhao2013unsupervised,
  title={Unsupervised salience learning for person re-identification},
  author={Zhao, Rui and Ouyang, Wanli and Wang, Xiaogang},
  booktitle={CVPR},
  year={2013},
}

@inproceedings{cheng2016person,
  title={Person re-identification by multi-channel parts-based CNN with improved triplet loss function},
  author={Cheng, De and Gong, Yihong and Zhou, Sanping and Wang, Jinjun and Zheng, Nanning},
  booktitle={CVPR},
  year={2016}
}

@incollection{gray2008viewpoint,
  title={Viewpoint invariant pedestrian recognition with an ensemble of localized features},
  author={Gray, Douglas and Tao, Hai},
  booktitle={ECCV},
  year={2008},
}

@inproceedings{ma2012local,
  title={Local descriptors encoded by fisher vectors for person re-identification},
  author={Ma, Bingpeng and Su, Yu and Jurie, Fr{\'e}d{\'e}ric},
  booktitle={ECCV},
  year={2012},
}

@inproceedings{koestinger2012large,
  title={Large scale metric learning from equivalence constraints},
  author={Koestinger, Martin and Hirzer, Martin and Wohlhart, Paul and Roth, Peter M and Bischof, Horst},
  booktitle={CVPR},
  year={2012},
}

@inproceedings{davis2007information,
  title={Information-theoretic metric learning},
  author={Davis, Jason V and Kulis, Brian and Jain, Prateek and Sra, Suvrit and Dhillon, Inderjit S},
  booktitle={ICML},
  year={2007},
}

@inproceedings{guillaumin2009you,
  title={Is that you? Metric learning approaches for face identification},
  author={Guillaumin, Matthieu and Verbeek, Jakob and Schmid, Cordelia},
  booktitle={ICCV},
  year={2009},
}

@article{russakovsky2014imagenet,
  title={Imagenet large scale visual recognition challenge},
  author={Russakovsky, Olga and Deng, Jia and Su, Hao and Krause, Jonathan and Satheesh, Sanjeev and Ma, Sean and Huang, Zhiheng and Karpathy, Andrej and Khosla, Aditya and Bernstein, Michael and others},
  journal={IJCV},
  year={2014},
}

@inproceedings{zeng2013multi,
  title={Multi-stage contextual deep learning for pedestrian detection},
  author={Zeng, Xingyu and Ouyang, Wanli and Wang, Xiaogang},
  booktitle={ICCV},
  year={2013},
}

@article{dollar2014fast,
  title={Fast feature pyramids for object detection},
  author={Doll{\'a}r, Piotr and Appel, Ron and Belongie, Serge and Perona, Pietro},
  journal={TPAMI},
  year={2014},
}

@inproceedings{mcfee2010metric,
  title={Metric learning to rank},
  author={McFee, Brian and Lanckriet, Gert R},
  booktitle={ICML},
  year={2010}
}

@inproceedings{weinberger2005distance,
  title={Distance metric learning for large margin nearest neighbor classification},
  author={Weinberger, Kilian Q and Blitzer, John and Saul, Lawrence K},
  booktitle={NIPS},
  year={2005}
}

@article{dollar2012pedestrian,
  title={Pedestrian detection: An evaluation of the state of the art},
  author={Dollar, Piotr and Wojek, Christian and Schiele, Bernt and Perona, Pietro},
  journal={TPAMI},
  year={2012},
}

@inproceedings{liao2015person,
  title={Person Re-identification by Local Maximal Occurrence Representation and Metric Learning},
  author={Liao, Shengcai and Hu, Yang and Zhu, Xiangyu and Li, Stan Z},
  booktitle={CVPR},
  year={2015}
}

@article{zheng2013reidentification,
  title={Reidentification by relative distance comparison},
  author={Zheng, Wei-Shi and Gong, Shaogang and Xiang, Tao},
  journal={TPAMI},
  year={2013},
}

@article{wang2010correspondence,
  title={Correspondence-free activity analysis and scene modeling in multiple camera views},
  author={Wang, Xiaogang and Tieu, Kinh and Grimson, W Eric L},
  journal={TPAMI},
  year={2010},
}

@inproceedings{wang2007shape,
  title={Shape and appearance context modeling},
  author={Wang, Xiaogang and Doretto, Gianfranco and Sebastian, Thomas and Rittscher, Jens and Tu, Peter},
  booktitle={ICCV},
  year={2007},
}

@inproceedings{hamdoun2008person,
  title={Person re-identification in multi-camera system by signature based on interest point descriptors collected on short video sequences},
  author={Hamdoun, Omar and Moutarde, Fabien and Stanciulescu, Bogdan and Steux, Bruno},
  booktitle={ICDSC},
  year={2008},
}

@inproceedings{ahmed2015improved,
  title={An Improved Deep Learning Architecture for Person Re-Identification},
  author={Ahmed, Ejaz and Jones, Michael and Marks, Tim K},
  booktitle={CVPR},
  year={2015}
}

@inproceedings{prosser2008multi,
  title={Multi-camera Matching using Bi-Directional Cumulative Brightness Transfer Functions.},
  author={Prosser, Bryan and Gong, Shaogang and Xiang, Tao},
  booktitle={BMVC},
  year={2008}
}

@inproceedings{porikli2003inter,
  title={Inter-camera color calibration by correlation model function},
  author={Porikli, Fatih},
  booktitle={ICIP},
  year={2003},
}

@inproceedings{zheng2011person,
  title={Person re-identification by probabilistic relative distance comparison},
  author={Zheng, Wei-Shi and Gong, Shaogang and Xiang, Tao},
  booktitle={CVPR},
  year={2011},
}

@inproceedings{prosser2010person,
  title={Person Re-Identification by Support Vector Ranking.},
  author={Prosser, Bryan and Zheng, Wei-Shi and Gong, Shaogang and Xiang, Tao and Mary, Q},
  booktitle={BMVC},
  year={2010}
}

@inproceedings{schwartz2009learning,
  title={Learning discriminative appearance-based models using partial least squares},
  author={Schwartz, William Robson and Davis, Larry S},
  booktitle={Computer Graphics and Image Processing},
  year={2009},
}

@inproceedings{cheng2011custom,
  title={Custom Pictorial Structures for Re-identification.},
  author={Cheng, Dong Seon and Cristani, Marco and Stoppa, Michele and Bazzani, Loris and Murino, Vittorio},
  booktitle={BMVC},
  year={2011},
}


@inproceedings{barbosa2012re,
  title={Re-identification with rgb-d sensors},
  author={Barbosa, Igor Barros and Cristani, Marco and Del Bue, Alessio and Bazzani, Loris and Murino, Vittorio},
  booktitle={ECCV},
  year={2012},
}

@inproceedings{bialkowski2012database,
  title={A database for person re-identification in multi-camera surveillance networks},
  author={Bialkowski, Alina and Denman, Simon and Sridharan, Sridha and Fookes, Clinton and Lucey, Patrick},
  booktitle={Digital Image Computing Techniques and Applications},
  year={2012},
}

@inproceedings{ren2015faster,
  title={Faster R-CNN: Towards real-time object detection with region proposal networks},
  author={Ren, Shaoqing and He, Kaiming and Girshick, Ross and Sun, Jian},
  booktitle={NIPS},
  year={2015}
}

@inproceedings{girshick2015fast,
  title={Fast R-CNN},
  author={Girshick, Ross},
  booktitle={ICCV},
  year={2015}
}

@article{simonyan2014very,
  title={Very deep convolutional networks for large-scale image recognition},
  author={Simonyan, Karen and Zisserman, Andrew},
  journal={ICLR},
  year={2014}
}

@inproceedings{sun2014deep1,
  title={Deep learning face representation from predicting 10,000 classes},
  author={Sun, Yi and Wang, Xiaogang and Tang, Xiaoou},
  booktitle={CVPR},
  year={2014}
}

@inproceedings{he2016identity,
  title={Identity Mappings in Deep Residual Networks},
  author={He, Kaiming and Zhang, Xiangyu and Ren, Shaoqing and Sun, Jian},
  booktitle={ECCV},
  year={2016}
}

@article{he2015spatial,
  title={Spatial pyramid pooling in deep convolutional networks for visual recognition},
  author={He, Kaiming and Zhang, Xiangyu and Ren, Shaoqing and Sun, Jian},
  journal={TPAMI},
  year={2015}
}

@inproceedings{sun2014deep2,
  title={Deep learning face representation by joint identification-verification},
  author={Sun, Yi and Chen, Yuheng and Wang, Xiaogang and Tang, Xiaoou},
  booktitle={NIPS},
  year={2014}
}

@inproceedings{girshick2014rich,
  title={Rich feature hierarchies for accurate object detection and semantic segmentation},
  author={Girshick, Ross and Donahue, Jeff and Darrell, Trevor and Malik, Jitendra},
  booktitle={CVPR},
  year={2014}
}

@incollection{lin2014microsoft,
  title={Microsoft coco: Common objects in context},
  author={Lin, Tsung-Yi and Maire, Michael and Belongie, Serge and Hays, James and Perona, Pietro and Ramanan, Deva and Doll{\'a}r, Piotr and Zitnick, C Lawrence},
  booktitle={ECCV},
  year={2014}
}

@inproceedings{liao2015efficient,
  title={Efficient PSD Constrained Asymmetric Metric Learning for Person Re-identification},
  author={Liao, Shengcai and Li, Stan Z},
  booktitle={ICCV},
  year={2015}
}

@inproceedings{shen2015person,
  title={Person re-identification with correspondence structure learning},
  author={Shen, Yang and Lin, Weiyao and Yan, Junchi and Xu, Mingliang and Wu, Jianxin and Wang, Jingdong},
  booktitle={ICCV},
  year={2015}
}

@inproceedings{hosang2015taking,
  title={Taking a deeper look at pedestrians},
  author={Hosang, Jan and Omran, Mohamed and Benenson, Rodrigo and Schiele, Bernt},
  booktitle={CVPR},
  year={2015}
}

@inproceedings{tian2015pedestrian,
  title={Pedestrian detection aided by deep learning semantic tasks},
  author={Tian, Yonglong and Luo, Ping and Wang, Xiaogang and Tang, Xiaoou},
  booktitle={CVPR},
  year={2015}
}

@inproceedings{cai2015learning,
  title={Learning complexity-aware cascades for deep pedestrian detection},
  author={Cai, Zhaowei and Saberian, Mohammad and Vasconcelos, Nuno},
  booktitle={ICCV},
  year={2015}
}

@inproceedings{yang2015convolutional,
  title={Convolutional channel features},
  author={Yang, Bin and Yan, Junjie and Lei, Zhen and Li, Stan Z},
  booktitle={ICCV},
  year={2015}
}

@inproceedings{zhang2016faster,
  title={Is Faster R-CNN Doing Well for Pedestrian Detection?},
  author={Zhang, Liliang and Lin, Liang and Liang, Xiaodan and He, Kaiming},
  booktitle={ECCV},
  year={2016}
}

@inproceedings{zhang2015filtered,
  title={Filtered channel features for pedestrian detection},
  author={Zhang, Shanshan and Benenson, Rodrigo and Schiele, Bernt},
  booktitle={CVPR},
  year={2015}
}

@inproceedings{zheng2015partial,
  title={Partial Person Re-identification},
  author={Zheng, Wei-Shi and Li, Xiang and Xiang, Tao and Liao, Shengcai and Lai, Jianhuang and Gong, Shaogang},
  booktitle={ICCV},
  year={2015}
}

@inproceedings{he2015deep,
  title={Deep residual learning for image recognition},
  author={He, Kaiming and Zhang, Xiangyu and Ren, Shaoqing and Sun, Jian},
  booktitle={CVPR},
  year={2016}
}

@inproceedings{jia2014caffe,
  title={Caffe: Convolutional architecture for fast feature embedding},
  author={Jia, Yangqing and Shelhamer, Evan and Donahue, Jeff and Karayev, Sergey and Long, Jonathan and Girshick, Ross and Guadarrama, Sergio and Darrell, Trevor},
  booktitle={ACM Multimedia},
  year={2014}
}

@inproceedings{wang2016temporal,
  title={Temporal segment networks: towards good practices for deep action recognition},
  author={Wang, Limin and Xiong, Yuanjun and Wang, Zhe and Qiao, Yu and Lin, Dahua and Tang, Xiaoou and Van Gool, Luc},
  booktitle={ECCV},
  year={2016}
}

@inproceedings{zhang2015beyond,
  title={Beyond frontal faces: Improving person recognition using multiple cues},
  author={Zhang, Ning and Paluri, Manohar and Taigman, Yaniv and Fergus, Rob and Bourdev, Lubomir},
  booktitle={CVPR},
  year={2015}
}

@inproceedings{taigman2014deepface,
  title={DeepFace: Closing the Gap to Human-Level Performance in Face Verification},
  author={Taigman, Yaniv and Yang, Ming and Ranzato, Marc'Aurelio and Wolf, Lior},
  booktitle={CVPR},
  year={2014}
}

@inproceedings{parkhi2015deep,
  title={Deep Face Recognition},
  author={Parkhi, Omkar M and Vedaldi, Andrea and Zisserman, Andrew},
  booktitle={BMVC},
  year={2015}
}

@inproceedings{zajdel2005keeping,
  title={Keeping track of humans: Have I seen this person before?},
  author={Zajdel, Wojciech and Zivkovic, Zoran and Krose, BJA},
  booktitle={ICRA},
  year={2005}
}

@inproceedings{zheng2016mars,
  title={Mars: A video benchmark for large-scale person re-identification},
  author={Zheng, Liang and Bie, Zhi and Sun, Yifan and Wang, Jingdong and Su, Chi and Wang, Shengjin and Tian, Qi},
  booktitle={ECCV},
  year={2016}
}

@inproceedings{xiaoli2017joint,
  title={Joint Detection and Identification Feature Learning for Person Search},
  author={Xiao, Tong and Li, Shuang and Wang, Bochao and Lin, Liang and Wang, Xiaogang},
  booktitle={CVPR},
  year={2017}
}

@inproceedings{li2017person,
  title={Person search with natural language description},
  author={Li, Shuang and Xiao, Tong and Li, Hongsheng and Zhou, Bolei and Yue, Dayu and Wang, Xiaogang},
  booktitle={CVPR},
  year={2017}
}

@inproceedings{li2017identity,
  title={Identity-Aware Textual-Visual Matching with Latent Co-attention},
  author={Li, Shuang and Xiao, Tong and Li, Hongsheng and Yang, Wei and Wang, Xiaogang},
  booktitle={ICCV},
  year={2017}
}

@inproceedings{wen2016discriminative,
  title={A discriminative feature learning approach for deep face recognition},
  author={Wen, Yandong and Zhang, Kaipeng and Li, Zhifeng and Qiao, Yu},
  booktitle={ECCV},
  year={2016}
}

@inproceedings{titsias2016one,
  title={One-vs-Each Approximation to Softmax for Scalable Estimation of Probabilities},
  author={Titsias, Michalis K},
  booktitle={NIPS},
  year={2016}
}

@article{snell2017prototypical,
  title={Prototypical Networks for Few-shot Learning},
  author={Snell, Jake and Swersky, Kevin and Zemel, Richard S},
  journal={arXiv preprint arXiv:1703.05175},
  year={2017}
}

@inproceedings{zhang2016learning,
  title={Learning a discriminative null space for person re-identification},
  author={Zhang, Li and Xiang, Tao and Gong, Shaogang},
  booktitle={CVPR},
  year={2016}
}

@inproceedings{weinzaepfel2013deepflow,
  title={Deepflow: Large displacement optical flow with deep matching},
  author={Weinzaepfel, Philippe and Revaud, Jerome and Harchaoui, Zaid and Schmid, Cordelia},
  booktitle={ICCV},
  year={2013}
}

@article{revaud2016deepmatching,
  title={Deepmatching: Hierarchical deformable dense matching},
  author={Revaud, Jerome and Weinzaepfel, Philippe and Harchaoui, Zaid and Schmid, Cordelia},
  journal={IJCV},
  year={2016}
}

@article{zhong2017re,
  title={Re-ranking Person Re-identification with k-reciprocal Encoding},
  author={Zhong, Zhun and Zheng, Liang and Cao, Donglin and Li, Shaozi},
  journal={CVPR},
  year={2017}
}

@inproceedings{liu2013pop,
  title={Pop: Person re-identification post-rank optimisation},
  author={Liu, Chunxiao and Change Loy, Chen and Gong, Shaogang and Wang, Guijin},
  booktitle={ICCV},
  year={2013}
}

@article{zhao2017person,
  title={Person re-identification by saliency learning},
  author={Zhao, Rui and Oyang, Wanli and Wang, Xiaogang},
  journal={TPAMI},
  year={2017}
}

@inproceedings{tzeng2015simultaneous,
  title={Simultaneous deep transfer across domains and tasks},
  author={Tzeng, Eric and Hoffman, Judy and Darrell, Trevor and Saenko, Kate},
  booktitle={ICCV},
  year={2015}
}

@inproceedings{ganin2014unsupervised,
  title={Unsupervised domain adaptation by backpropagation},
  author={Ganin, Yaroslav and Lempitsky, Victor},
  booktitle={ICML},
  year={2015}
}

@InProceedings{kang2016object,
  Title                    = {Object Detection from Video Tubelets with Convolutional Neural Networks},
  Author                   = {Kang, Kai and Ouyang, Wanli and Li, Hongsheng and Wang, Xiaogang},
  Booktitle                = {CVPR},
  Year                     = {2016}
}

@InProceedings{yang2016end,
  Title                    = {End-to-End Learning of Deformable Mixture of Parts and Deep Convolutional Neural Networks for Human Pose Estimation},
  Author                   = {Yang, Wei and Ouyang, Wanli and Li, Hongsheng and Wang, Xiaogang},
  Booktitle                = {CVPR},
  Year                     = {2016}
}


@article{li2015locality,
  title={Locality based discriminative measure for multiple-shot human re-identification},
  author={Li, Wei and Wu, Yang and Mukunoki, Masayuki and Kuang, Yinghui and Minoh, Michihiko},
  journal={Neurocomputing},
  year={2015}
}

@article{zhang2015bit,
  title={Bit-scalable deep hashing with regularized similarity learning for image retrieval and person re-identification},
  author={Zhang, Ruimao and Lin, Liang and Zhang, Rui and Zuo, Wangmeng and Zhang, Lei},
  journal={TIP},
  year={2015}
}

@inproceedings{xu2013human,
  title={Human re-identification by matching compositional template with cluster sampling},
  author={Xu, Yuanlu and Lin, Liang and Zheng, Wei-Shi and Liu, Xiaobai},
  booktitle={ICCV},
  year={2013}
}

@article{liu2014fly,
  title={On-the-fly feature importance mining for person re-identification},
  author={Liu, Chunxiao and Gong, Shaogang and Loy, Chen Change},
  journal={Pattern Recognition},
  year={2014}
}

@inproceedings{li2015multi,
  title={Multi-scale Learning for Low-resolution Person Re-identification},
  author={Li, Xiang and Zheng, Wei-Shi and Wang, Xiaojuan and Xiang, Tao and Gong, Shaogang},
  booktitle={ICCV},
  year={2015}
}

@article{lowe2004distinctive,
  title={Distinctive image features from scale-invariant keypoints},
  author={Lowe, David G},
  journal={IJCV},
  year={2004}
}

@inproceedings{dalal2005histograms,
  title={Histograms of oriented gradients for human detection},
  author={Dalal, Navneet and Triggs, Bill},
  booktitle={CVPR},
  year={2005}
}

@article{bay2008speeded,
  title={Speeded-up robust features (SURF)},
  author={Bay, Herbert and Ess, Andreas and Tuytelaars, Tinne and Van Gool, Luc},
  journal={CVIU},
  year={2008}
}

@inproceedings{karpathy2015deep,
  title={Deep visual-semantic alignments for generating image descriptions},
  author={Karpathy, Andrej and Fei-Fei, Li},
  booktitle={CVPR},
  year={2015}
}

@inproceedings{xu2015show,
  title={Show, attend and tell: Neural image caption generation with visual attention},
  author={Xu, Kelvin and Ba, Jimmy and Kiros, Ryan and Cho, Kyunghyun and Courville, Aaron and Salakhudinov, Ruslan and Zemel, Rich and Bengio, Yoshua},
  booktitle={ICML},
  year={2015}
}

@inproceedings{vinyals2015show,
  title={Show and tell: A neural image caption generator},
  author={Vinyals, Oriol and Toshev, Alexander and Bengio, Samy and Erhan, Dumitru},
  booktitle={CVPR},
  year={2015}
}

@inproceedings{johnson2016densecap,
  title={Densecap: Fully convolutional localization networks for dense captioning},
  author={Johnson, Justin and Karpathy, Andrej and Fei-Fei, Li},
  booktitle={CVPR},
  year={2016}
}

@inproceedings{antol2015vqa,
  title={Vqa: Visual question answering},
  author={Antol, Stanislaw and Agrawal, Aishwarya and Lu, Jiasen and Mitchell, Margaret and Batra, Dhruv and Lawrence Zitnick, C and Parikh, Devi},
  booktitle={ICCV},
  year={2015}
}

@inproceedings{ren2015exploring,
  title={Exploring models and data for image question answering},
  author={Ren, Mengye and Kiros, Ryan and Zemel, Richard},
  booktitle={NIPS},
  year={2015}
}

@inproceedings{malinowski2015ask,
  title={Ask your neurons: A neural-based approach to answering questions about images},
  author={Malinowski, Mateusz and Rohrbach, Marcus and Fritz, Mario},
  booktitle={ICCV},
  year={2015}
}

@inproceedings{johnson2016clevr,
  title={CLEVR: A diagnostic dataset for compositional language and elementary visual reasoning},
  author={Johnson, Justin and Hariharan, Bharath and van der Maaten, Laurens and Fei-Fei, Li and Zitnick, C Lawrence and Girshick, Ross},
  booktitle={CVPR},
  year={2017}
}

@inproceedings{reed2016learning,
  title={Learning deep representations of fine-grained visual descriptions},
  author={Reed, Scott and Akata, Zeynep and Lee, Honglak and Schiele, Bernt},
  booktitle={CVPR},
  year={2016}
}

@inproceedings{richter2016playing,
  title={Playing for data: Ground truth from computer games},
  author={Richter, Stephan R and Vineet, Vibhav and Roth, Stefan and Koltun, Vladlen},
  booktitle={ECCV},
  year={2016}
}

@inproceedings{chen2017photographic,
  title={Photographic Image Synthesis with Cascaded Refinement Networks},
  author={Chen, Qifeng and Koltun, Vladlen},
  booktitle={ICCV},
  year={2017}
}

@inproceedings{shrivastava2017learning,
  title={Learning from simulated and unsupervised images through adversarial training},
  author={Shrivastava, Ashish and Pfister, Tomas and Tuzel, Oncel and Susskind, Josh and Wang, Wenda and Webb, Russ},
  booktitle={CVPR},
  year={2017}
}

@inproceedings{zheng2017unlabeled,
  title={Unlabeled samples generated by gan improve the person re-identification baseline in vitro},
  author={Zheng, Zhedong and Zheng, Liang and Yang, Yi},
  booktitle={ICCV},
  year={2017}
}
%%%%%%%%%%%%%%%%%%%%%%%%%%%%%%%%%%%%%%%%%%%%%%%%%%%%%%%%%%%%%%%%%%%%%%%%%%%%%%%%%%%%%%%%%%%% nlp cvpr 17
@inproceedings{zheng2011person,
  title={Person re-identification by probabilistic relative distance comparison},
  author={Zheng, Wei-Shi and Gong, Shaogang and Xiang, Tao},
  booktitle={CVPR},
  year={2011}
}

@inproceedings{liao2015person,
  title={Person re-identification by local maximal occurrence representation and metric learning},
  author={Liao, Shengcai and Hu, Yang and Zhu, Xiangyu and Li, Stan Z},
  booktitle={CVPR},
  year={2015}
}

@inproceedings{li2014deepreid,
  title={Deepreid: Deep filter pairing neural network for person re-identification},
  author={Li, Wei and Zhao, Rui and Xiao, Tong and Wang, Xiaogang},
  booktitle={CVPR},
  year={2014}
}

@article{wang2013intelligent,
  title={Intelligent multi-camera video surveillance: A review},
  author={Wang, Xiaogang},
  journal={Pattern recognition letters},
  volume={34},
  number={1},
  year={2013},
}

@article{xiao2016end,
  title={End-to-End Deep Learning for Person Search},
  author={Xiao, Tong and Li, Shuang and Wang, Bochao and Lin, Liang and Wang, Xiaogang},
  journal={arXiv preprint arXiv:1604.01850},
  year={2016}
}

@inproceedings{sivic2006finding,
  title={Finding People in Repeated Shots of the Same Scene.},
  author={Sivic, Josef and Zitnick, C Lawrence and Szeliski, Richard},
  booktitle={BMVC},
  year={2006}
}

@inproceedings{deng2014pedestrian,
  title={Pedestrian attribute recognition at far distance},
  author={Deng, Yubin and Luo, Ping and Loy, Chen Change and Tang, Xiaoou},
  booktitle={ACM MM},
  year={2014},
}

@article{chen2015microsoft,
  title={Microsoft COCO captions: Data collection and evaluation server},
  author={Chen, Xinlei and Fang, Hao and Lin, Tsung-Yi and Vedantam, Ramakrishna and Gupta, Saurabh and Doll{\'a}r, Piotr and Zitnick, C Lawrence},
  journal={arXiv preprint arXiv:1504.00325},
  year={2015}
}

@article{zheng2015person,
  title={Person re-identification meets image search},
  author={Zheng, Liang and Shen, Liyue and Tian, Lu and Wang, Shengjin and Bu, Jiahao and Tian, Qi},
  journal={arXiv preprint arXiv:1502.02171},
  year={2015}
}

@inproceedings{gray2007evaluating,
  title={Evaluating appearance models for recognition, reacquisition, and tracking},
  author={Gray, Douglas and Brennan, Shane and Tao, Hai},
  booktitle={PETS},
  year={2007},
}

@inproceedings{li2012human,
  title={Human reidentification with transferred metric learning},
  author={Li, Wei and Zhao, Rui and Wang, Xiaogang},
  booktitle={ACCV},
  year={2012},
}

@inproceedings{vaquero2009attribute,
  title={Attribute-based people search in surveillance environments},
  author={Vaquero, Daniel A and Feris, Rogerio S and Tran, Duan and Brown, Lisa and Hampapur, Arun and Turk, Matthew},
  booktitle={WACV},
  year={2009},
}

@article{su2016deep,
  title={Deep Attributes Driven Multi-Camera Person Re-identification},
  author={Su, Chi and Zhang, Shiliang and Xing, Junliang and Gao, Wen and Tian, Qi},
  journal={arXiv preprint arXiv:1605.03259},
  year={2016}
}

@article{krishna2016visual,
  title={Visual genome: Connecting language and vision using crowdsourced dense image annotations},
  author={Krishna, Ranjay and Zhu, Yuke and Groth, Oliver and Johnson, Justin and Hata, Kenji and Kravitz, Joshua and Chen, Stephanie and Kalantidis, Yannis and Li, Li-Jia and Shamma, David A and others},
  journal={arXiv preprint arXiv:1602.07332},
  year={2016}
}

@inproceedings{karpathy2015deep,
  title={Deep visual-semantic alignments for generating image descriptions},
  author={Karpathy, Andrej and Fei-Fei, Li},
  booktitle={CVPR},
  year={2015}
}

@inproceedings{vinyals2015show,
  title={Show and tell: A neural image caption generator},
  author={Vinyals, Oriol and Toshev, Alexander and Bengio, Samy and Erhan, Dumitru},
  booktitle={CVPR},
  year={2015}
}

@article{zhou2015simple,
  title={Simple Baseline for Visual Question Answering},
  author={Zhou, Bolei and Tian, Yuandong and Sukhbaatar, Sainbayar and Szlam, Arthur and Fergus, Rob},
  journal={arXiv preprint arXiv:1512.02167},
  year={2015}
}

@inproceedings{ren2015exploring,
  title={Exploring models and data for image question answering},
  author={Ren, Mengye and Kiros, Ryan and Zemel, Richard},
  booktitle={NIPS},
  year={2015}
}

@article{reed2016learning,
  title={Learning Deep Representations of Fine-Grained Visual Descriptions},
  author={Reed, Scott and Akata, Zeynep and Schiele, Bernt and Lee, Honglak},
  journal={arXiv preprint arXiv:1605.05395},
  year={2016}
}

@inproceedings{BMVC2015_52,
	title={Describing Common Human Visual Actions in Images},
	author={Matteo Ruggero Ronchi and Pietro Perona},
  booktitle={BMVC},
	year={2015},
}

@article{mao2014deep,
  title={Deep captioning with multimodal recurrent neural networks (m-rnn)},
  author={Mao, Junhua and Xu, Wei and Yang, Yi and Wang, Jiang and Huang, Zhiheng and Yuille, Alan},
  journal={arXiv preprint arXiv:1412.6632},
  year={2014}
}

@article{yang2015stacked,
  title={Stacked attention networks for image question answering},
  author={Yang, Zichao and He, Xiaodong and Gao, Jianfeng and Deng, Li and Smola, Alex},
  journal={arXiv preprint arXiv:1511.02274},
  year={2015}
}

@article{hodosh2013framing,
  title={Framing image description as a ranking task: Data, models and evaluation metrics},
  author={Hodosh, Micah and Young, Peter and Hockenmaier, Julia},
  journal={Journal of Artificial Intelligence Research},
  volume={47},
  pages={853--899},
  year={2013}
}

@article{young2014image,
  title={From image descriptions to visual denotations: New similarity metrics for semantic inference over event descriptions},
  author={Young, Peter and Lai, Alice and Hodosh, Micah and Hockenmaier, Julia},
  journal={Transactions of the Association for Computational Linguistics},
  volume={2},
  year={2014}
}

@inproceedings{lin2014microsoft,
  title={Microsoft coco: Common objects in context},
  author={Lin, Tsung-Yi and Maire, Michael and Belongie, Serge and Hays, James and Perona, Pietro and Ramanan, Deva and Doll{\'a}r, Piotr and Zitnick, C Lawrence},
  booktitle={ECCV},
  year={2014},
}

@article{welinder2010caltech,
  title={Caltech-UCSD birds 200},
  author={Welinder, Peter and Branson, Steve and Mita, Takeshi and Wah, Catherine and Schroff, Florian and Belongie, Serge and Perona, Pietro},
  year={2010},
  publisher={California Institute of Technology}
}

@inproceedings{nilsback2008automated,
  title={Automated flower classification over a large number of classes},
  author={Nilsback, Maria-Elena and Zisserman, Andrew},
  booktitle={Proceedings of Indian Conference on Computer Vision, Graphics \& Image Processing},
  year={2008},
}

@article{chen2014learning,
  title={Learning a recurrent visual representation for image caption generation},
  author={Chen, Xinlei and Zitnick, C Lawrence},
  journal={arXiv preprint arXiv:1411.5654},
  year={2014}
}

@article{xu2015show,
  title={Show, attend and tell: Neural image caption generation with visual attention},
  author={Xu, Kelvin and Ba, Jimmy and Kiros, Ryan and Cho, Kyunghyun and Courville, Aaron and Salakhutdinov, Ruslan and Zemel, Richard S and Bengio, Yoshua},
  journal={arXiv preprint arXiv:1502.03044},
  year={2015},
}

@inproceedings{fang2015captions,
  title={From captions to visual concepts and back},
  author={Fang, Hao and Gupta, Saurabh and Iandola, Forrest and Srivastava, Rupesh K and Deng, Li and Doll{\'a}r, Piotr and Gao, Jianfeng and He, Xiaodong and Mitchell, Margaret and Platt, John C and others},
  booktitle={CVPR},
  year={2015}
}

@inproceedings{antol2015vqa,
  title={Vqa: Visual question answering},
  author={Antol, Stanislaw and Agrawal, Aishwarya and Lu, Jiasen and Mitchell, Margaret and Batra, Dhruv and Lawrence Zitnick, C and Parikh, Devi},
  booktitle={ICCV},
  year={2015}
}

@inproceedings{gao2015you,
  title={Are you talking to a machine? dataset and methods for multilingual image question},
  author={Gao, Haoyuan and Mao, Junhua and Zhou, Jie and Huang, Zhiheng and Wang, Lei and Xu, Wei},
  booktitle={NIPS},
  year={2015}
}

@article{hu2016segmentation,
  title={Segmentation from Natural Language Expressions},
  author={Hu, Ronghang and Rohrbach, Marcus and Darrell, Trevor},
  journal={arXiv preprint arXiv:1603.06180},
  year={2016}
}

@inproceedings{malinowski2015ask,
  title={Ask your neurons: A neural-based approach to answering questions about images},
  author={Malinowski, Mateusz and Rohrbach, Marcus and Fritz, Mario},
  booktitle={ICCV},
  year={2015}
}

@article{johnson2015densecap,
  title={Densecap: Fully convolutional localization networks for dense captioning},
  author={Johnson, Justin and Karpathy, Andrej and Fei-Fei, Li},
  journal={arXiv preprint arXiv:1511.07571},
  year={2015}
}

@article{noh2015image,
  title={Image question answering using convolutional neural network with dynamic parameter prediction},
  author={Noh, Hyeonwoo and Seo, Paul Hongsuck and Han, Bohyung},
  journal={arXiv preprint arXiv:1511.05756},
  year={2015}
}

@inproceedings{szegedy2015going,
  title={Going deeper with convolutions},
  author={Szegedy, Christian and Liu, Wei and Jia, Yangqing and Sermanet, Pierre and Reed, Scott and Anguelov, Dragomir and Erhan, Dumitru and Vanhoucke, Vincent and Rabinovich, Andrew},
  booktitle={CVPR},
  year={2015}
}

@article{fukui2016multimodal,
  title={Multimodal Compact Bilinear Pooling for Visual Question Answering and Visual Grounding},
  author={Fukui, Akira and Park, Dong Huk and Yang, Daylen and Rohrbach, Anna and Darrell, Trevor and Rohrbach, Marcus},
  journal={arXiv preprint arXiv:1606.01847},
  year={2016}
}

@article{saito2016dualnet,
  title={Dualnet: Domain-invariant network for visual question answering},
  author={Saito, Kuniaki and Shin, Andrew and Ushiku, Yoshitaka and Harada, Tatsuya},
  journal={arXiv preprint arXiv:1606.06108},
  year={2016}
}

@inproceedings{frome2013devise,
  title={Devise: A deep visual-semantic embedding model},
  author={Frome, Andrea and Corrado, Greg S and Shlens, Jon and Bengio, Samy and Dean, Jeff and Mikolov, Tomas and others},
  booktitle={NIPS},
  year={2013}
}

@inproceedings{liu2015multi,
  title={Multi-task deep visual-semantic embedding for video thumbnail selection},
  author={Liu, Wu and Mei, Tao and Zhang, Yongdong and Che, Cherry and Luo, Jiebo},
  booktitle={CVPR},
  year={2015}
}

@article{ren2015image,
  title={Image question answering: A visual semantic embedding model and a new dataset},
  author={Ren, Mengye and Kiros, Ryan and Zemel, Richard},
  journal={CoRR, abs/1505.02074},
  volume={7},
  year={2015}
}

@article{miller1995wordnet,
  title={WordNet: a lexical database for English},
  author={Miller, George A},
  journal={Communications of the ACM},
  volume={38},
  number={11},
  pages={39--41},
  year={1995},
}

@inproceedings{liao2015person,
  title={Person re-identification by local maximal occurrence representation and metric learning},
  author={Liao, Shengcai and Hu, Yang and Zhu, Xiangyu and Li, Stan Z},
  booktitle={CVPR},
  year={2015}
}

@inproceedings{manning2014stanford,
  title={The Stanford CoreNLP Natural Language Processing Toolkit.},
  author={Manning, Christopher D and Surdeanu, Mihai and Bauer, John and Finkel, Jenny Rose and Bethard, Steven and McClosky, David},
  booktitle={ACL (System Demonstrations)},
  year={2014}
}

@article{simonyan2014very,
  title={Very deep convolutional networks for large-scale image recognition},
  author={Simonyan, Karen and Zisserman, Andrew},
  journal={arXiv preprint arXiv:1409.1556},
  year={2014}
}

@article{hochreiter1997long,
  title={Long short-term memory},
  author={Hochreiter, Sepp and Schmidhuber, J{\"u}rgen},
  journal={Neural computation},
  volume={9},
  number={8},
  year={1997},
}

@article{hu2015natural,
  title={Natural language object retrieval},
  author={Hu, Ronghang and Xu, Huazhe and Rohrbach, Marcus and Feng, Jiashi and Saenko, Kate and Darrell, Trevor},
  journal={CVPR},
  year={2016}
}

@inproceedings{kang2016object,
  title={Object detection from video tubelets with convolutional neural networks},
  author={Kang, Kai and Ouyang, Wanli and Li, Hongsheng and Wang, Xiaogang},
  booktitle={CVPR},
  year={2016}
}
@article{kang2016t,
  title={T-cnn: Tubelets with convolutional neural networks for object detection from videos},
  author={Kang, Kai and Li, Hongsheng and Yan, Junjie and Zeng, Xingyu and Yang, Bin and Xiao, Tong and Zhang, Cong and Wang, Zhe and Wang, Ruohui and Wang, Xiaogang and others},
  journal={arXiv preprint arXiv:1604.02532},
  year={2016}
}

@inproceedings{he2016deep,
  title={Deep residual learning for image recognition},
  author={He, Kaiming and Zhang, Xiangyu and Ren, Shaoqing and Sun, Jian},
  booktitle={CVPR},
  year={2016}
}

@inproceedings{krizhevsky2012imagenet,
  title={Imagenet classification with deep convolutional neural networks},
  author={Krizhevsky, Alex and Sutskever, Ilya and Hinton, Geoffrey E},
  booktitle={Advances in neural information processing systems},
  year={2012}
}

@inproceedings{kang2017object,
  title={Object Detection in Videos with Tubelet Proposal Networks},
  author={Kang, Kai and Li, Hongsheng and Xiao, Tong and Ouyang, Wanli and Yan, Junjie and Liu, Xihui and Wang, Xiaogang},
  booktitle={CVPR},
  year={2017}
}
@inproceedings{xiao2017joint,
  title={Joint detection and identification feature learning for person search},
  author={Xiao, Tong and Li, Shuang and Wang, Bochao and Lin, Liang and Wang, Xiaogang},
  booktitle={CVPR},
  year={2017},
}
%%%%%%%%%%%%%%%%%%%%%%%%%%%%%%%%%%%%%%%%%%%%%%%%%%%%%%%%%%%%%%%%% textual_visual_matching cvpr18
@article{mao2014explain,
  title={Explain images with multimodal recurrent neural networks},
  author={Mao, Junhua and Xu, Wei and Yang, Yi and Wang, Jiang and Yuille, Alan L},
  journal={arXiv preprint arXiv:1410.1090},
  year={2014}
}

@InProceedings{Yan_2015_CVPR,
author = {Yan, Fei and Mikolajczyk, Krystian},
title = {Deep Correlation for Matching Images and Text},
booktitle = {CVPR},
year = {2015}
}

@inproceedings{wang2016learning,
  title={Learning deep structure-preserving image-text embeddings},
  author={Wang, Liwei and Li, Yin and Lazebnik, Svetlana},
  booktitle={CVPR},
  year={2016}
}

@article{nam2016dual,
  title={Dual attention networks for multimodal reasoning and matching},
  author={Nam, Hyeonseob and Ha, Jung-Woo and Kim, Jeonghee},
  journal={arXiv preprint arXiv:1611.00471},
  year={2016}
}

@InProceedings{Antol_2015_ICCV,
author = {Antol, Stanislaw and Agrawal, Aishwarya and Lu, Jiasen and Mitchell, Margaret and Batra, Dhruv and Lawrence Zitnick, C. and Parikh, Devi},
title = {VQA: Visual Question Answering},
booktitle = {ICCV},
year = {2015}
}

@inproceedings{lu2016hierarchical,
  title={Hierarchical question-image co-attention for visual question answering},
  author={Lu, Jiasen and Yang, Jianwei and Batra, Dhruv and Parikh, Devi},
  booktitle={NIPS},
  year={2016}
}

@inproceedings{gao2016compact,
  title={Compact bilinear pooling},
  author={Gao, Yang and Beijbom, Oscar and Zhang, Ning and Darrell, Trevor},
  booktitle={CVPR},
  year={2016}
}

@inproceedings{palatucci2009zero,
  title={Zero-shot learning with semantic output codes},
  author={Palatucci, Mark and Pomerleau, Dean and Hinton, Geoffrey E and Mitchell, Tom M},
  booktitle={NIPS},
  year={2009}
}

@inproceedings{rohrbach2011evaluating,
  title={Evaluating knowledge transfer and zero-shot learning in a large-scale setting},
  author={Rohrbach, Marcus and Stark, Michael and Schiele, Bernt},
  booktitle={CVPR},
  year={2011}
}

@inproceedings{frome2013devise,
  title={Devise: A deep visual-semantic embedding model},
  author={Frome, Andrea and Corrado, Greg S and Shlens, Jon and Bengio, Samy and Dean, Jeff and Mikolov, Tomas and others},
  booktitle={NIPS},
  year={2013}
}

@inproceedings{reed2016learning,
  title={Learning deep representations of fine-grained visual descriptions},
  author={Reed, Scott and Akata, Zeynep and Lee, Honglak and Schiele, Bernt},
  booktitle={CVPR},
  year={2016}
}

@inproceedings{zhu2016visual7w,
  title={Visual7w: Grounded question answering in images},
  author={Zhu, Yuke and Groth, Oliver and Bernstein, Michael and Fei-Fei, Li},
  booktitle={CVPR},
  year={2016}
}

@inproceedings{li2017person,
  title={Person search with natural language description},
  author={Li, Shuang and Xiao, Tong and Li, Hongsheng and Zhou, Bolei and Yue, Dayu and Wang, Xiaogang},
  booktitle={CVPR},
  year={2017}
}

@inproceedings{lin2014microsoft,
  title={Microsoft coco: Common objects in context},
  author={Lin, Tsung-Yi and Maire, Michael and Belongie, Serge and Hays, James and Perona, Pietro and Ramanan, Deva and Doll{\'a}r, Piotr and Zitnick, C Lawrence},
  booktitle={ECCV},
  year={2014}
}

@article{krishna2016visual,
  title={Visual genome: Connecting language and vision using crowdsourced dense image annotations},
  author={Krishna, Ranjay and Zhu, Yuke and Groth, Oliver and Johnson, Justin and Hata, Kenji and Kravitz, Joshua and Chen, Stephanie and Kalantidis, Yannis and Li, Li-Jia and Shamma, David A and others},
  journal={arXiv preprint arXiv:1602.07332},
  year={2016}
}

@article{young2014image,
  title={From image descriptions to visual denotations: New similarity metrics for semantic inference over event descriptions},
  author={Young, Peter and Lai, Alice and Hodosh, Micah and Hockenmaier, Julia},
  journal={Transactions of the Association for Computational Linguistics},
  volume={2},
  pages={67--78},
  year={2014}
}

@article{hodosh2013framing,
  title={Framing image description as a ranking task: Data, models and evaluation metrics},
  author={Hodosh, Micah and Young, Peter and Hockenmaier, Julia},
  journal={Journal of Artificial Intelligence Research},
  volume={47},
  pages={853--899},
  year={2013}
}

@article{xiao2016end,
  title={Joint Detection and Identification Feature Learning for Person Search},
  author={Xiao, Tong and Li, Shuang and Wang, Bochao and Lin, Liang and Wang, Xiaogang},
  journal={arXiv preprint arXiv:1604.01850},
  year={2016}
}

@article{hochreiter1997long,
  title={Long short-term memory},
  author={Hochreiter, Sepp and Schmidhuber, J{\"u}rgen},
  journal={Neural computation},
  volume={9},
  number={8},
  pages={1735--1780},
  year={1997},
  publisher={MIT Press}
}

@article{mao2014deep,
  title={Deep captioning with multimodal recurrent neural networks (m-rnn)},
  author={Mao, Junhua and Xu, Wei and Yang, Yi and Wang, Jiang and Huang, Zhiheng and Yuille, Alan},
  journal={arXiv preprint arXiv:1412.6632},
  year={2014}
}

@inproceedings{vinyals2015show,
  title={Show and tell: A neural image caption generator},
  author={Vinyals, Oriol and Toshev, Alexander and Bengio, Samy and Erhan, Dumitru},
  booktitle={CVPR},
  year={2015}
}

@inproceedings{karpathy2015deep,
  title={Deep visual-semantic alignments for generating image descriptions},
  author={Karpathy, Andrej and Fei-Fei, Li},
  booktitle={CVPR},
  year={2015}
}

@inproceedings{frome2013devise,
  title={Devise: A deep visual-semantic embedding model},
  author={Frome, Andrea and Corrado, Greg S and Shlens, Jon and Bengio, Samy and Dean, Jeff and Mikolov, Tomas and others},
  booktitle={NIPS},
  year={2013}
}

@InProceedings{Chen_2015_CVPR,
author = {Chen, Xinlei and Lawrence Zitnick, C.},
title = {Mind's Eye: A Recurrent Visual Representation for Image Caption Generation},
booktitle = {CVPR},
year = {2015}
}

@inproceedings{klein2015associating,
  title={Associating neural word embeddings with deep image representations using fisher vectors},
  author={Klein, Benjamin and Lev, Guy and Sadeh, Gil and Wolf, Lior},
  booktitle={CVPR},
  year={2015}
}

@inproceedings{liao2015person,
  title={Person re-identification by local maximal occurrence representation and metric learning},
  author={Liao, Shengcai and Hu, Yang and Zhu, Xiangyu and Li, Stan Z},
  booktitle={CVPR},
  year={2015}
}

@inproceedings{schroff2015facenet,
  title={Facenet: A unified embedding for face recognition and clustering},
  author={Schroff, Florian and Kalenichenko, Dmitry and Philbin, James},
  booktitle={CVPR},
  year={2015}
}

@inproceedings{masi2016pose,
  title={Pose-aware face recognition in the wild},
  author={Masi, Iacopo and Rawls, Stephen and Medioni, G{\'e}rard and Natarajan, Prem},
  booktitle={CVPR},
  year={2016}
}

@inproceedings{zhang2016learning,
  title={Learning a discriminative null space for person re-identification},
  author={Zhang, Li and Xiang, Tao and Gong, Shaogang},
  booktitle={CVPR},
  year={2016}
}

@article{bahdanau2014neural,
  title={Neural machine translation by jointly learning to align and translate},
  author={Bahdanau, Dzmitry and Cho, Kyunghyun and Bengio, Yoshua},
  journal={arXiv preprint arXiv:1409.0473},
  year={2014}
}

@inproceedings{ahmed2015improved,
  title={An improved deep learning architecture for person re-identification},
  author={Ahmed, Ejaz and Jones, Michael and Marks, Tim K},
  booktitle={CVPR},
  year={2015}
}

@inproceedings{xiao2016learning,
  title={Learning deep feature representations with domain guided dropout for person re-identification},
  author={Xiao, Tong and Li, Hongsheng and Ouyang, Wanli and Wang, Xiaogang},
  booktitle={CVPR},
  year={2016}
}

@article{zheng2016person,
  title={Person re-identification in the wild},
  author={Zheng, Liang and Zhang, Hengheng and Sun, Shaoyan and Chandraker, Manmohan and Tian, Qi},
  journal={arXiv preprint arXiv:1604.02531},
  year={2016}
}

@inproceedings{cheng2016person,
  title={Person re-identification by multi-channel parts-based cnn with improved triplet loss function},
  author={Cheng, De and Gong, Yihong and Zhou, Sanping and Wang, Jinjun and Zheng, Nanning},
  booktitle={CVPR},
  year={2016}
}

@inproceedings{berg2012tom,
  title={Tom-vs-Pete Classifiers and Identity-Preserving Alignment for Face Verification.},
  author={Berg, Thomas and Belhumeur, Peter N},
  booktitle={BMVC},
  year={2012}
}

@inproceedings{kumar2009attribute,
  title={Attribute and simile classifiers for face verification},
  author={Kumar, Neeraj and Berg, Alexander C and Belhumeur, Peter N and Nayar, Shree K},
  booktitle={ICCV},
  year={2009}
}

@article{simonyan2014very,
  title={Very deep convolutional networks for large-scale image recognition},
  author={Simonyan, Karen and Zisserman, Andrew},
  journal={arXiv preprint arXiv:1409.1556},
  year={2014}
}

@inproceedings{szegedy2015going,
  title={Going deeper with convolutions},
  author={Szegedy, Christian and Liu, Wei and Jia, Yangqing and Sermanet, Pierre and Reed, Scott and Anguelov, Dragomir and Erhan, Dumitru and Vanhoucke, Vincent and Rabinovich, Andrew},
  booktitle={CVPR},
  year={2015}
}

@article{zhou2015simple,
  title={Simple Baseline for Visual Question Answering},
  author={Zhou, Bolei and Tian, Yuandong and Sukhbaatar, Sainbayar and Szlam, Arthur and Fergus, Rob},
  journal={arXiv preprint arXiv:1512.02167},
  year={2015}
}

@inproceedings{mikolov2013distributed,
  title={Distributed representations of words and phrases and their compositionality},
  author={Mikolov, Tomas and Sutskever, Ilya and Chen, Kai and Corrado, Greg S and Dean, Jeff},
  booktitle={NIPS},
  year={2013}
}

@article{harris1954distributional,
  title={Distributional structure},
  author={Harris, Zellig S},
  journal={Word},
  volume={10},
  number={2-3},
  pages={146--162},
  year={1954},
  publisher={Taylor \& Francis}
}

@inproceedings{akata2015evaluation,
  title={Evaluation of output embeddings for fine-grained image classification},
  author={Akata, Zeynep and Reed, Scott and Walter, Daniel and Lee, Honglak and Schiele, Bernt},
  booktitle={CVPR},
  year={2015}
}

@InProceedings{Zhao_2017_CVPR,
author = {Zhao, Haiyu and Tian, Maoqing and Sun, Shuyang and Shao, Jing and Yan, Junjie and Yi, Shuai and Wang, Xiaogang and Tang, Xiaoou},
title = {Spindle Net: Person Re-Identification With Human Body Region Guided Feature Decomposition and Fusion},
booktitle = {CVPR},
year = {2017}
}

@inproceedings{xiao2017joint,
  title={Joint detection and identification feature learning for person search},
  author={Xiao, Tong and Li, Shuang and Wang, Bochao and Lin, Liang and Wang, Xiaogang},
  booktitle={CVPR},
  year={2017}
}
%%%%%%%%%%%%%%%%%%%%%%%%%%%%%%%%%%%%%%%%%% video re-id
@inproceedings{li2014deepreid,
  title={Deepreid: Deep filter pairing neural network for person re-identification},
  author={Li, Wei and Zhao, Rui and Xiao, Tong and Wang, Xiaogang},
  booktitle={CVPR},
  year={2014}
}

@inproceedings{liu2017quality,
  title={Quality aware network for set to set recognition},
  author={Liu, Yu and Yan, Junjie and Ouyang, Wanli},
  booktitle={CVPR},
  year={2017}
}
@inproceedings{khan2017multi,
  title={Multi-shot person re-identification using part appearance mixture},
  author={Khan, Furqan M and Bremond, Fran{\c{c}}ois},
  booktitle={WACV},
  year={2017}
}
@InProceedings{Li_2017_CVPR,
author = {Li, Shuang and Xiao, Tong and Li, Hongsheng and Zhou, Bolei and Yue, Dayu and Wang, Xiaogang},
title = {Person Search With Natural Language Description},
booktitle = {CVPR},
year = {2017}
}
@InProceedings{Li_2017_ICCV,
author = {Li, Shuang and Xiao, Tong and Li, Hongsheng and Yang, Wei and Wang, Xiaogang},
title = {Identity-Aware Textual-Visual Matching With Latent Co-Attention},
booktitle = {ICCV},
year = {2017}
}

@inproceedings{li2013locally,
  title={Locally aligned feature transforms across views},
  author={Li, Wei and Wang, Xiaogang},
  booktitle={CVPR},
  year={2013}
}
@inproceedings{gray2008viewpoint,
  title={Viewpoint invariant pedestrian recognition with an ensemble of localized features},
  author={Gray, Douglas and Tao, Hai},
  booktitle={ECCV},
  year={2008}
}
@article{liu2017hydraplus,
  title={HydraPlus-Net: Attentive Deep Features for Pedestrian Analysis},
  author={Liu, Xihui and Zhao, Haiyu and Tian, Maoqing and Sheng, Lu and Shao, Jing and Yi, Shuai and Yan, Junjie and Wang, Xiaogang},
  journal={arXiv preprint arXiv:1709.09930},
  year={2017}
}
@article{shen2014multihuman,
  title={Multihuman tracking based on a spatial--temporal appearance match},
  author={Shen, Yuan and Miao, Zhenjiang},
  journal={IEEE transactions on Circuits and systems for video technology},
  volume={24},
  number={3},
  pages={361--373},
  year={2014}
}
@article{beran1977minimum,
  title={Minimum Hellinger distance estimates for parametric models},
  author={Beran, Rudolf},
  journal={The Annals of Statistics},
  pages={445--463},
  year={1977},
  publisher={JSTOR}
}

@article{ding2015deep,
  title={Deep feature learning with relative distance comparison for person re-identification},
  author={Ding, Shengyong and Lin, Liang and Wang, Guangrun and Chao, Hongyang},
  journal={Pattern Recognition},
  volume={48},
  number={10},
  pages={2993--3003},
  year={2015},
}

@inproceedings{prosser2010person,
  title={Person re-identification by support vector ranking.},
  author={Prosser, Bryan James and Zheng, Wei-Shi and Gong, Shaogang and Xiang, Tao and Mary, Q},
  booktitle={BMVC},
  year={2010}
}

@inproceedings{ahmed2015improved,
  title={An improved deep learning architecture for person re-identification},
  author={Ahmed, Ejaz and Jones, Michael and Marks, Tim K},
  booktitle={CVPR},
  year={2015}
}

@inproceedings{zheng2011person,
  title={Person re-identification by probabilistic relative distance comparison},
  author={Zheng, Wei-Shi and Gong, Shaogang and Xiang, Tao},
  booktitle={CVPR},
  year={2011}
}

@inproceedings{xu2015show,
  title={Show, attend and tell: Neural image caption generation with visual attention},
  author={Xu, Kelvin and Ba, Jimmy and Kiros, Ryan and Cho, Kyunghyun and Courville, Aaron and Salakhudinov, Ruslan and Zemel, Rich and Bengio, Yoshua},
  booktitle={ICML},
  year={2015}
}

@article{ma2017person,
  title={Person re-identification by unsupervised video matching},
  author={Ma, Xiaolong and Zhu, Xiatian and Gong, Shaogang and Xie, Xudong and Hu, Jianming and Lam, Kin-Man and Zhong, Yisheng},
  journal={Pattern Recognition},
  volume={65},
  pages={197--210},
  year={2017}
}

@inproceedings{zhu2016video,
  title={Video-Based Person Re-Identification by Simultaneously Learning Intra-Video and Inter-Video Distance Metrics.},
  author={Zhu, Xiaoke and Jing, Xiao-Yuan and Wu, Fei and Feng, Hui},
  booktitle={IJCAI},
  year={2016}
}


@inproceedings{dehghan2015gmmcp,
  title={Gmmcp tracker: Globally optimal generalized maximum multi clique problem for multiple object tracking},
  author={Dehghan, Afshin and Modiri Assari, Shayan and Shah, Mubarak},
  booktitle={CVPR},
  year={2015}
}

@article{felzenszwalb2010object,
  title={Object detection with discriminatively trained part-based models},
  author={Felzenszwalb, Pedro F and Girshick, Ross B and McAllester, David and Ramanan, Deva},
  journal={TPAMI},
  volume={32},
  number={9},
  pages={1627--1645},
  year={2010}
}

@inproceedings{zheng2016mars,
  title={Mars: A video benchmark for large-scale person re-identification},
  author={Zheng, Liang and Bie, Zhi and Sun, Yifan and Wang, Jingdong and Su, Chi and Wang, Shengjin and Tian, Qi},
  booktitle={ECCV},
  year={2016},
  organization={Springer}
}

@inproceedings{liu2015spatio,
  title={A spatio-temporal appearance representation for video-based pedestrian re-identification},
  author={Liu, Kan and Ma, Bingpeng and Zhang, Wei and Huang, Rui},
  booktitle={ICCV},
  year={2015}
}

@article{zheng2016person,
  title={Person re-identification in the wild},
  author={Zheng, Liang and Zhang, Hengheng and Sun, Shaoyan and Chandraker, Manmohan and Tian, Qi},
  journal={arXiv preprint arXiv:1604.02531},
  year={2016}
}
@article{zheng2016overview,
  title={Person re-identification: Past, present and future},
  author={Zheng, Liang and Yang, Yi and Hauptmann, Alexander G},
  journal={arXiv preprint arXiv:1610.02984},
  year={2016}
}


@inproceedings{karanam2015person,
  title={Person re-identification with discriminatively trained viewpoint invariant dictionaries},
  author={Karanam, Srikrishna and Li, Yang and Radke, Richard J},
  booktitle={ICCV},
  year={2015}
}

@inproceedings{mclaughlin2016recurrent,
  title={Recurrent convolutional network for video-based person re-identification},
  author={McLaughlin, Niall and Martinez del Rincon, Jesus and Miller, Paul},
  booktitle={CVPR},
  year={2016}
}

@inproceedings{wang2014person,
  title={Person re-identification by video ranking},
  author={Wang, Taiqing and Gong, Shaogang and Zhu, Xiatian and Wang, Shengjin},
  booktitle={ECCV},
  year={2014}
}

@article{chen2016person,
  title={Person re-identification by exploiting spatio-temporal cues and multi-view metric learning},
  author={Chen, Jiaxin and Wang, Yunhong and Tang, Yuan Yan},
  journal={IEEE Signal Processing Letters},
  volume={23},
  number={7},
  pages={998--1002},
  year={2016},
  publisher={IEEE}
}


@inproceedings{li2017learning,
  title={Learning deep context-aware features over body and latent parts for person re-identification},
  author={Li, Dangwei and Chen, Xiaotang and Zhang, Zhang and Huang, Kaiqi},
  booktitle={CVPR},
  year={2017}
}

@inproceedings{bakone,
  title={One-Shot Metric Learning for Person Re-identification},
  author={Bak, Slawomir and Carr, Peter},
  booktitle={CVPR},
  year={2017},
}

@inproceedings{pedagadi2013local,
  title={Local fisher discriminant analysis for pedestrian re-identification},
  author={Pedagadi, Sateesh and Orwell, James and Velastin, Sergio and Boghossian, Boghos},
  booktitle={CVPR},
  year={2013}
}

@inproceedings{koestinger2012large,
  title={Large scale metric learning from equivalence constraints},
  author={Koestinger, Martin and Hirzer, Martin and Wohlhart, Paul and Roth, Peter M and Bischof, Horst},
  booktitle={CVPR},
  year={2012}
}

@article{kviatkovsky2013color,
  title={Color invariants for person reidentification},
  author={Kviatkovsky, Igor and Adam, Amit and Rivlin, Ehud},
  journal={TPAMI},
  volume={35},
  number={7},
  pages={1622--1634},
  year={2013},
  publisher={IEEE}
}

@inproceedings{ma2012local,
  title={Local descriptors encoded by fisher vectors for person re-identification},
  author={Ma, Bingpeng and Su, Yu and Jurie, Fr{\'e}d{\'e}ric},
  booktitle={ECCV},
  year={2012}
}
@article{zheng2017unlabeled,
  title={Unlabeled samples generated by gan improve the person re-identification baseline in vitro},
  author={Zheng, Zhedong and Zheng, Liang and Yang, Yi},
  journal={arXiv preprint arXiv:1701.07717},
  year={2017}
}
@inproceedings{gray2007evaluating,
  title={Evaluating appearance models for recognition, reacquisition, and tracking},
  author={Gray, Douglas and Brennan, Shane and Tao, Hai},
  booktitle={Performance Evaluation for Tracking and Surveillance Workshop},
  year={2007},
}
@inproceedings{baltieri20113dpes,
  title={3dpes: 3d people dataset for surveillance and forensics},
  author={Baltieri, Davide and Vezzani, Roberto and Cucchiara, Rita},
  booktitle={ACM workshop on Human gesture and behavior understanding},
  year={2011},
}
@inproceedings{farenzena2010person,
  title={Person re-identification by symmetry-driven accumulation of local features},
  author={Farenzena, Michela and Bazzani, Loris and Perina, Alessandro and Murino, Vittorio and Cristani, Marco},
  booktitle={CVPR},
  year={2010}
}

@inproceedings{xiao2017joint,
  title={Joint detection and identification feature learning for person search},
  author={Xiao, Tong and Li, Shuang and Wang, Bochao and Lin, Liang and Wang, Xiaogang},
  booktitle={CVPR},
  year={2017}
}

@inproceedings{zhousee,
  title={See the Forest for the Trees: Joint Spatial and Temporal Recurrent Neural Networks for Video-based Person Re-identification},
  author={Zhou, Zhen and Huang, Yan and Wang, Wei and Wang, Liang and Tan, Tieniu},
  booktitle={CVPR},
  year={2017}
}

@inproceedings{liao2015person,
  title={Person re-identification by local maximal occurrence representation and metric learning},
  author={Liao, Shengcai and Hu, Yang and Zhu, Xiangyu and Li, Stan Z},
  booktitle={CVPR},
  year={2015}
}


@inproceedings{paisitkriangkrai2015learning,
  title={Learning to rank in person re-identification with metric ensembles},
  author={Paisitkriangkrai, Sakrapee and Shen, Chunhua and van den Hengel, Anton},
  booktitle={CVPR},
  year={2015}
}



@inproceedings{gheissari2006person,
  title={Person reidentification using spatiotemporal appearance},
  author={Gheissari, Niloofar and Sebastian, Thomas B and Hartley, Richard},
  booktitle={CVPR},
  year={2006}
}


@article{wang2013intelligent,
  title={Intelligent multi-camera video surveillance: A review},
  author={Wang, Xiaogang},
  journal={Pattern recognition letters},
  volume={34},
  number={1},
  pages={3--19},
  year={2013},
}

@inproceedings{yu2013harry,
  title={Harry potter's marauder's map: Localizing and tracking multiple persons-of-interest by nonnegative discretization},
  author={Yu, Shoou-I and Yang, Yi and Hauptmann, Alexander},
  booktitle={CVPR},
  year={2013}
}

@inproceedings{loy2009multi,
  title={Multi-camera activity correlation analysis},
  author={Loy, Chen Change and Xiang, Tao and Gong, Shaogang},
  booktitle={CVPR},
  year={2009}
}

@article{liu2017video,
  title={Video-based Person Re-identification with Accumulative Motion Context},
  author={Liu, Hao and Jie, Zequn and Jayashree, Karlekar and Qi, Meibin and Jiang, Jianguo and Yan, Shuicheng and Feng, Jiashi},
  journal={arXiv preprint arXiv:1701.00193},
  year={2017}
}

@inproceedings{you2016top,
  title={Top-push video-based person re-identification},
  author={You, Jinjie and Wu, Ancong and Li, Xiang and Zheng, Wei-Shi},
  booktitle={CVPR},
  year={2016}
}

@inproceedings{wang2016temporal,
  title={Temporal segment networks: Towards good practices for deep action recognition},
  author={Wang, Limin and Xiong, Yuanjun and Wang, Zhe and Qiao, Yu and Lin, Dahua and Tang, Xiaoou and Van Gool, Luc},
  booktitle={ECCV},
  year={2016}
}

@inproceedings{he2016deep,
  title={Deep residual learning for image recognition},
  author={He, Kaiming and Zhang, Xiangyu and Ren, Shaoqing and Sun, Jian},
  booktitle={CVPR},
  year={2016}
}
@article{lin2017structured,
  title={A structured self-attentive sentence embedding},
  author={Lin, Zhouhan and Feng, Minwei and Santos, Cicero Nogueira dos and Yu, Mo and Xiang, Bing and Zhou, Bowen and Bengio, Yoshua},
  journal={arXiv preprint arXiv:1703.03130},
  year={2017}
}



@inproceedings{lin2017bilinear,
    author = {Tsung-Yu Lin and Aruni RoyChowdhury and Subhransu Maji},
    title = {Bilinear CNNs for Fine-grained Visual Recognition},
    booktitle = {TPAMI},
    year = {2017},
}

@inproceedings{Carreira2012,
 author = {Carreira, Joao and Caseiro, Rui and Batista, Jorge and Sminchisescu, Cristian},
 title = {Semantic Segmentation with Second-order Pooling},
 booktitle = {ECCV},
 year = {2012},
 } 
 
@article{cho2014learning,
  title={Learning phrase representations using RNN encoder-decoder for statistical machine translation},
  author={Cho, Kyunghyun and Van Merri{\"e}nboer, Bart and Gulcehre, Caglar and Bahdanau, Dzmitry and Bougares, Fethi and Schwenk, Holger and Bengio, Yoshua},
  journal={arXiv preprint arXiv:1406.1078},
  year={2014}
}

@article{li2018diversity,
  title={Diversity Regularized Spatiotemporal Attention for Video-based Person Re-identification},
  author={Li, Shuang and Bak, Slawomir and Carr, Peter and Wang, Xiaogang},
  journal={arXiv preprint arXiv:1803.09882},
  year={2018}
}

@inproceedings{chung2017two,
  title={A two stream siamese convolutional neural network for person re-identification},
  author={Chung, Dahjung and Tahboub, Khalid and Delp, Edward J},
  booktitle={CVPR},
  year={2017}
}


@incollection{hirzer2011person,
  title={Person re-identification by descriptive and discriminative classification},
  author={Hirzer, Martin and Beleznai, Csaba and Roth, Peter M and Bischof, Horst},
  booktitle={Image Analysis},
  year={2011},
}

@article{radford2015unsupervised,
  title={Unsupervised representation learning with deep convolutional generative adversarial networks},
  author={Radford, Alec and Metz, Luke and Chintala, Soumith},
  journal={arXiv preprint arXiv:1511.06434},
  year={2015}
}

@article{arjovsky2017wasserstein,
  title={Wasserstein gan},
  author={Arjovsky, Martin and Chintala, Soumith and Bottou, L{\'e}on},
  journal={arXiv preprint arXiv:1701.07875},
  year={2017}
}